% This file was created with Citavi 6.8.0.0
% Referencias

@book{Abel.2014,
 author = {Abel, Andrew Bruce and Bernanke, Ben Shalom and Croushore, Dean},
 year = {2014},
 title = {Macroeconomics},
 address = {Boston, Mass. and Columbus, Ohio and Indianapolis, Ind.},
 edition = {8th ed.},
 publisher = {Pearson},
 isbn = {978-0-13-299228-2},
 file = {http://www.worldcat.org/oclc/870706943}
}


@article{Prada.2020,
 author = {Prada, Elena-Maria},
 year = {2020},
 title = {Vulnerable Migration and Democracy Index in the European Union: A Panel Data Perspective},
 pages = {473--478},
 volume = {XX},
 file = {Vulnerable Migration and Democracy Index in the European Union. A Panel Data Perspective.pdf},
 file = {https://ideas.repec.org/a/ovi/oviste/vxxy2020i1p473-478.html}
}


@article{Stark.1991,
 author = {Stark, Oded and Taylor, J. Edward},
 year = {1991},
 title = {Migration Incentives, Migration Types: The Role of Relative Deprivation},
 url = {https://www.jstor.org/stable/2234433?origin=JSTOR-pdf&seq=1},
 urldate = {18/11/2012},
 pages = {1163--1178},
 volume = {101},
 number = {408}
}


@misc{TheFraserInstitute.2020,
 author = {{The Fraser Institute}},
 year = {2020},
 title = {Economic Freedom Index},
 url = {https://www.fraserinstitute.org/economic-freedom/dataset?geozone=world&page=dataset&min-year=2&max-year=0&filter=0&year=2018},
 file = {efw-2020-master-index-data-for-researchers (1).xlsx}
}


@misc{TheHeritageFoundation.2020,
 author = {{The Heritage Foundation}},
 year = {2020},
 title = {2020 Index of Economic Freedom},
 url = {https://www.heritage.org/index/explore?view=by-region-country-year&u=637455483953441601},
 urldate = {1/22/2021},
 file = {net migration wb.xls}
}


@misc{UNESCO.2015,
 author = {UNESCO},
 year = {2015},
 title = {Share of Working Age Migrants (20-64) in the migrant stock (mid 2015)},
 url = {https://migrationdataportal.org/?i=stock_workage_perc&t=2015&cm49=212}
}


@misc{UNESCO.2019,
 author = {UNESCO},
 year = {2019},
 title = {Share of working age migrants (20-64) in the international migrant stock at mid year 2015},
 url = {https://migrationdataportal.org/data?i=stock_workage_perc&t=2015&cm49=434},
 urldate = {12/2/2020}
}


@misc{UnitedNations.2017,
 year = {2017},
 author={{United Nations}},
 title = {International Migration Policies},
 url = {https://www.un.org/en/development/desa/population/publications/pdf/policy/international_migration_policies_data_booklet.pdf}
}


@misc{UNITEDNATIONSDEVELOPMENTPROGRAMME.2019,
 author = {{UNITED NATIONS DEVELOPMENT PROGRAMME}},
 year = {2019},
 title = {Human Development Reports},
 url = {http://hdr.undp.org/en/composite/GII},
 file = {Gender Inequality Index.xlsx}
}


@article{Wang.2016,
 author = {Wang, Zhiling and {De Graaf}, Thomas and Nijkamp, Peter},
 year = {2016},
 title = {Cultural Diversity and Cultural Distance as Choice Determinants of Migration Destination},
 url = {https://www.tandfonline.com/doi/full/10.1080/17421772.2016.1102956},
 pages = {176--200},
 volume = {11},
 number = {1742-1780},
 file = {Cultural Diversity and Cultural Distance as Choice Determinants of Migration Destination.pdf}
}


@article{Wesselbaum.2018,
 author = {Wesselbaum, Dennis},
 year = {2018},
 title = {Socioeconomic Driving Forces of International Migration},
 pages = {1--16},
 file = {Socioeconomic Driving Forces of International.pdf},
 file = {https://www.degruyter.com/document/doi/10.1515/jgd-2017-0017/html}
}


@misc{WorldBankGroup.2018,
 author = {{World Bank Group}},
 year = {2018},
 title = {Current health expenditure ({\%} of GDP)},
 url = {https://data.worldbank.org/indicator/SH.XPD.CHEX.GD.ZS},
 file = {Current Health Expenditure (%GDP).xlsx}
}


@misc{WorldBankGroup.2019,
 author = {{World Bank Group}},
 year = {2019},
 title = {Ease of doing business index (1=most business-friendly regulations)},
 url = {https://data.worldbank.org/indicator/IC.BUS.EASE.XQ}
}


@misc{WorldBankGroup.2019b,
 author = {{World Bank Group}},
 year = {2019},
 title = {Expense ({\%} of GDP)},
 url = {https://data.worldbank.org/indicator/GC.XPN.TOTL.GD.ZS},
 file = {Expense %GDP.xlsx}
}


@misc{WorldBankGroup.2019c,
 author = {{World Bank Group}},
 year = {2019},
 title = {Inflation, consumer prices (annual {\%})},
 url = {https://data.worldbank.org/indicator/FP.CPI.TOTL.ZG},
 file = {Inflation annual %.xlsx}
}


@misc{WorldBankGroup.2019d,
 author = {{World Bank Group}},
 year = {2019},
 title = {Population ages 15-64 ({\%} of total population)},
 url = {https://data.worldbank.org/indicator/SP.POP.1564.TO.ZS?view=chart},
 file = {Population ages 15-64 (% of total population).xlsx}
}


@misc{WorldBankGroup.2019e,
 author = {{World Bank Group}},
 year = {2019},
 title = {Popultaion Total},
 url = {https://data.worldbank.org/indicator/SP.POP.TOTL}
}


@misc{WorldBankGroup.2019f,
 author = {{World Bank Group}},
 year = {2019},
 title = {Time required to start a business (days)},
 url = {https://data.worldbank.org/indicator/IC.REG.DURS}
}


@misc{WorldBankGroup.2020,
 author = {{World Bank Group}},
 year = {2020},
 title = {International Migrant Stock ({\%} of population): United Nations Population Division. World Population Prospects: 2019 Revision.},
 url = {https://data.worldbank.org/indicator/SM.POP.TOTL.ZS},
 urldate = {12/1/2020},
 file = {international migrant stock (world bank).xls}
}


@misc{WorldBankGroup.2020b,
 author = {{World Bank Group}},
 year = {2020},
 title = {Net migration: United Nations Population Division. World Population Prospects: 2019 Revision.},
 url = {https://data.worldbank.org/indicator/SM.POP.NETM},
 urldate = {12/1/2020},
 file = {net migration wb.xls}
}


@misc{OurWorldInData.2016,
 author = {{Our World In Data}},
 year = {2016},
 title = {Poltical Regime, 2015},
 url = {https://ourworldindata.org/grapher/political-regime-updated2016}
}


@misc{WorldBankGroup.2020c,
 author = {{World Bank Group}},
 year = {2020},
 title = {World Governance Indicators},
 url = {http://info.worldbank.org/governance/wgi/Home/Documents},
 file = {ge.pdf},
 file = {cc.pdf},
 file = {rl.pdf},
 file = {Data_Extract_From_Worldwide_Governance_Indicators DEF.xlsx},
 file = {rq.pdf},
 file = {pv.pdf},
 file = {va.pdf}
}


@misc{OurWorldInData.2015,
 author = {{Our World In Data}},
 year = {2015},
 title = {Political freedom is a very recent achievement},
 url = {https://ourworldindata.org/democracy}
}


@book{Murrugarra.2011,
 author = {Murrugarra, Edmundo and Larrison, Jennica and Sasin, Marcin J.},
 year = {2011},
 title = {Migration and poverty: Toward better migration opportunities for the poor},
 address = {Washington, D.C.},
 publisher = {{World Bank}},
 isbn = {978-0-8213-8436-7},
 series = {Directions in Development. Poverty},
 file = {http://www.worldcat.org/oclc/1029372631}
}


@misc{Amrith.2014,
 author = {Amrith, Megha},
 year = {2014},
 title = {Why Migration Matters},
 url = {https://unu.edu/publications/articles/why-migration-matters.html}
}


@article{Azad.2020,
 author = {Azad, Kalam},
 year = {2020},
 title = {The Effect of Democracy on Migration: A Panel Data Approach},
 pages = {1--44},
 file = {Democracy on Migration.pdf},
 file = {https://ideas.repec.org/p/pra/mprapa/105058.html}
}


@article{Beine.2008,
 author = {Beine, Michel and Docquier, Fr{\'e}d{\'e}ric and Schiff, Maurice},
 year = {2008},
 title = {Brain Drain and its Determinants: A Major Issue for Small States},
 pages = {1--13},
 number = {3398}
}

% This file was created with Citavi 6.8.0.0

@book{EncyclopaediaBritannica.2021,
 year = {2021},
 title = {Encyclopaedia Britannica Online},
 url = {https://www.britannica.com/},
 editor = {{Encyclopaedia Britannica}}
}


@incollection{EncyclopaediaBritannica.2021b,
 author = {{Encyclopaedia Britannica}},
 title = {Human migration},
 url = {https://www.britannica.com/topic/human-migration},
 editor = {{Encyclopaedia Britannica}},
 booktitle = {Encyclopaedia Britannica Online},
 year = {2021}
}

@article{Cameron.2012,
 author = {Cameron, Lisa A. and Erkal, Nisvan and Gangadharan, Lata and Zhang, Marina},
 year = {2012},
 title = {Cultural integration: Experimental evidence of changes in immigrants' preferences},
 url = {http://ftp.iza.org/dp6467.pdf},
 pages = {1--25},
 file = {Cultural Integration Experimental Evidence of Changes in Immigrants Preferences.pdf}
}


@article{Caragliu.2012,
 author = {Caragliu, Andrea and {Del Bo}, Chiara and {De Groot}, Henri L. F. and Linders, Gert-Jan M.},
 year = {2012},
 title = {Cultural Determinants of Migration},
 url = {https://link.springer.com/article/10.1007/s00168-012-0531-3},
 pages = {7--32},
 file = {Caragliu2013_Article_CulturalDeterminantsOfMigratio.pdf}
}


@article{Dimant.2013,
 author = {Dimant, Eugen and Krieger, Tim and Meierrieks, Daniel},
 year = {2013},
 title = {The effect of corruption on migration,1985--2000},
 url = {https://www.tandfonline.com/doi/abs/10.1080/13504851.2013.806776},
 pages = {1270--1274}
}


@book{Drazanova.2019,
 author = {Drazanova, Lenka},
 year = {2019},
 title = {Historical Index of Ethnic Fractionalization Dataset (HIEF)},
 keywords = {ethnic diversity;ethnic fractionalization;ethnic heterogeneity;Herfindahl Index},
 edition = {V2},
 publisher = {{Harvard Dataverse}},
 doi = {10.7910/DVN/4JQRCL}
}


@article{Fafchamps.2012,
 author = {Fafchamps, Marcel and Shilpi, Forhad},
 year = {2012},
 title = {Determinants of the Choice of Migration Destination},
 url = {https://openknowledge.worldbank.org/handle/10986/6949},
 pages = {1--22},
 file = {https://openknowledge.worldbank.org/handle/10986/6949},
 file = {Marcel Fafchamps; Forhad Shilpi - Determinants of the Choice of Migration Destination.pdf}
}


@article{Fernandez.2009,
 author = {Fern{\'a}ndez, Zoila and Sanabria, Jos{\'e} and Hern{\'a}ndez, Yunit and D{\'i}az, Pedro and V{\'e}liz, Jos{\'e}},
 year = {2009},
 title = {Brain drain: the market of talents and its after-effects},
 url = {http://www.revcmpinar.sld.cu/index.php/publicaciones/article/view/551/1134},
 pages = {1--8},
 volume = {13},
 number = {4},
 journal = {Revista de Ciencias M{\'e}dicas de Pinar del R{\'i}o},
 file = {Brain Drain The market of talents and its after-effects.pdf}
}


@misc{GlobalChangeDataLab.2017,
 author = {{Global Change Data Lab}},
 year = {2017},
 title = {Our World In Data},
 url = {https://ourworldindata.org/grapher/main-religion-of-the-country-in},
 file = {main-religion-of-the-country-in.xlsx}
}


@article{Holcombe.2015,
 author = {Holcombe, Randall G. and Boudreaux, Christopher J.},
 year = {2015},
 title = {Regulation and corruption},
 pages = {75--85},
 volume = {164},
 number = {1-2},
 issn = {0048-5829},
 journal = {Public Choice},
 doi = {10.1007/s11127-015-0263-x}
}


@misc{InternationalLabourOrganization.2019,
 author = {{International Labour Organization}},
 year = {2019},
 title = {Statistics on international labour migration: Labour force participation rate by sex, age and citizenship ({\%})},
 url = {https://ilostat.ilo.org/topics/labour-migration/},
 urldate = {12/1/2020},
 file = {LF participation %.xlsx}
}


@misc{InternationalLabourOrganization.2019b,
 author = {{International Labour Organization}},
 year = {2019},
 title = {Working-age population by sex, education and place of birth (thousands): Labour force participation rate by sex, age and citizenship ({\%})},
 url = {https://ilostat.ilo.org/topics/labour-migration/},
 urldate = {12/1/2020},
 file = {LF participation %.xlsx}
}


@misc{Kaufmann.September2010,
 author = {Kaufmann, Daniel and Kraay, Aart and Mastruzzi, Massimo},
 year={2010},
 title = {The Worldwide Governance Indicators: Methodology and Analytical Issues: World Bank Policy Research Working Paper No. 5430},
 url = {https://papers.ssrn.com/sol3/papers.cfm?abstract_id=1682130},
 number = {5430},
 institution = {{The World Bank Development Research Group}}
}

@article{Mayda.2005,
 author = {Mayda, Anna Maria},
 year = {2005},
 title = {International Migration:  A Panel Data Analysis of Economic and Non-Economic Determinants},
 pages = {1--19},
 file = {http://ftp.iza.org/dp1590.pdf},
 file = {International Migration Economic and Non Economic Determinants.pdf}
}

@misc{MigrationDataPortal.2015,
 author = {{Migration Data Portal}},
 year = {2015},
 url = {https://migrationdataportal.org/?i=stock_workage_perc&t=2015}
}

@misc{MigrationDataPortal.2019,
 author = {{Migration Data Portal}},
 year = {2019},
 url = {https://data.worldbank.org/indicator/SP.POP.TOTL}
}


@misc{OECD.,
 author = {OECD},
 url = {https://stats.oecd.org/index.aspx?queryid=81611#}
}


@misc{WorldBankGroup.2021,
 author = {{World Bank Group}},
 year = {2021},
 title = {Unemployment, total ({\%} of total labor force) (modeled ILO estimate)},
 url = {https://data.worldbank.org/indicator/SL.UEM.TOTL.ZS}
}

@misc{Marshall.2017,
 author = {Marshall, Monty G. and Elzinga-Marshall, Gabrielle},
 date = {2017},
 title = {Global Report 2017: Conflict, Governance, and State Fragility},
 url = {http://www.systemicpeace.org/vlibrary/GlobalReport2017.pdf},
 address = {Vienna, VA},
 edition = {1},
 number = {1},
 institution = {{Center for Systemic Peace}}
}

@article{Sjaastad.1962,
 author = {Sjaastad, Larry A.},
 year = {1962},
 title = {The Costs and Returns of Human Migration},
 url = {http://www.nber.org/chapters/c13573},
 volume = {LXX},
 number = {5}
}






